@misc{kmeans,
  title        = {Introduction to K-means Clustering},
  howpublished = {http://nithinnaithottu.blogspot.com.co/},
  note         = {Consultado el 17 de Noviembre de 2017}
}

@misc{hash,
  title        = {Hash function},
  howpublished = {https://en.wikipedia.org/wiki/Hash\_function},
  note         = {Consultado el 17 de Noviembre de 2017}
}
